<collection xmlns:xsi="http://www.w3.org/2001/XMLSchema-instance" xmlns="http://www.loc.gov/MARC21/slim" xsi:schemaLocation="http://www.loc.gov/MARC21/slim http://www.loc.gov/standards/marcxml/schema/MARC21slim.xsd">

<record>
  <leader>15390ckdaa2201489 a 4500</leader>
  <controlfield tag="001">3462486</controlfield>
  <controlfield tag="005">20100226103458.0</controlfield>
  <controlfield tag="008">890623m19151916xx ||| |||||||   1k|eng d</controlfield>
  <datafield tag="035" ind1=" " ind2=" ">
    <subfield code="a">(OCoLC)81013041</subfield>
  </datafield>
  <datafield tag="035" ind1=" " ind2=" ">
    <subfield code="a">(OCoLC)ocm81013041</subfield>
  </datafield>
  <datafield tag="035" ind1=" " ind2=" ">
    <subfield code="a">(CStRLIN)NYDA89-F732</subfield>
  </datafield>
  <datafield tag="035" ind1=" " ind2=" ">
    <subfield code="9">AAA2957AD</subfield>
  </datafield>
  <datafield tag="035" ind1=" " ind2=" ">
    <subfield code="a">(NNC)3462486</subfield>
  </datafield>
  <datafield tag="040" ind1=" " ind2=" ">
    <subfield code="a">NNC</subfield>
    <subfield code="c">NNC</subfield>
    <subfield code="e">gihc</subfield>
  </datafield>
  <datafield tag="043" ind1=" " ind2=" ">
    <subfield code="a">n-us-ca</subfield>
  </datafield>
  <datafield tag="090" ind1=" " ind2=" ">
    <subfield code="i">05/22/01 X</subfield>
    <subfield code="h">01/09/92 N</subfield>
  </datafield>
  <datafield tag="110" ind1="2" ind2=" ">
    <subfield code="a">Greene &amp; Greene.</subfield>
  </datafield>
  <datafield tag="240" ind1="1" ind2="0">
    <subfield code="a">Nathan H. Wiliiams house (Altadena, Calif.)</subfield>
  </datafield>
  <datafield tag="245" ind1="1" ind2="0">
    <subfield code="a">Residence for Dr. N.H. Williams, Altadena, Calif.</subfield>
    <subfield code="h">[graphic] /</subfield>
    <subfield code="c">Greene &amp; Greene, Architects.</subfield>
  </datafield>
  <datafield tag="260" ind1=" " ind2=" ">
    <subfield code="c">[1915-19]16.</subfield>
  </datafield>
  <datafield tag="300" ind1=" " ind2=" ">
    <subfield code="a">73 sheets :</subfield>
    <subfield code="b">various media ;</subfield>
    <subfield code="c">110.8 x 132.5 cm. (43 5/8 x 52 1/4 in.) or smaller.</subfield>
  </datafield>
  <datafield tag="500" ind1=" " ind2=" ">
    <subfield code="a">Date partially from inventory.</subfield>
  </datafield>
  <datafield tag="500" ind1=" " ind2=" ">
    <subfield code="a">Bracketed title elements supplied by cataloger or taken from inventory.</subfield>
  </datafield>
  <datafield tag="500" ind1=" " ind2=" ">
    <subfield code="a">Forms part of the Greene &amp; Greene collection of architectural drawings ; job no. 343.</subfield>
  </datafield>
  <datafield tag="500" ind1=" " ind2=" ">
    <subfield code="a">This set consists of 29 pencil drawings on tracing paper, 10 pencil drawings on paper, 8 pencil and ink drawings on tracing paper, 5 blueprints with crayon markings on paper, 9 pencil and crayon drawings on tracing paper, 4 blueprints with pencil and crayon markings on paper, 4 blueprints with pencil markings on paper, 3 pencil drawings on tracing paper with pencil applied to the verso, 3 blueprints on paper, 1 charcoal drawing on tracing paper, 1 blueprint with chalk markings on paper, 1 pencil and ink drawing on tracing paper with crayon applied to the verso, and 1 pencil drawing on tracing paper with crayon applied to the verso.</subfield>
  </datafield>
  <datafield tag="561" ind1=" " ind2=" ">
    <subfield code="a">Gift of Jean Murray Bangs (Mrs. Harwell Hamilton Harris), 1960; formerly the collection of Charles Sumner Greene.</subfield>
  </datafield>
  <datafield tag="650" ind1=" " ind2="7">
    <subfield code="a">Houses.</subfield>
    <subfield code="2">aat</subfield>
  </datafield>
  <datafield tag="650" ind1=" " ind2="7">
    <subfield code="a">Pools.</subfield>
    <subfield code="2">aat</subfield>
  </datafield>
  <datafield tag="655" ind1=" " ind2="7">
    <subfield code="a">Detail drawings.</subfield>
    <subfield code="2">aat</subfield>
  </datafield>
  <datafield tag="655" ind1=" " ind2="7">
    <subfield code="a">Site plans.</subfield>
    <subfield code="2">aat</subfield>
  </datafield>
  <datafield tag="655" ind1=" " ind2="7">
    <subfield code="a">Sketches.</subfield>
    <subfield code="2">aat</subfield>
  </datafield>
  <datafield tag="655" ind1=" " ind2="7">
    <subfield code="a">Perspective drawings.</subfield>
    <subfield code="2">aat</subfield>
  </datafield>
  <datafield tag="655" ind1=" " ind2="7">
    <subfield code="a">Architectural drawings</subfield>
    <subfield code="x">American.</subfield>
    <subfield code="2">aat</subfield>
  </datafield>
  <datafield tag="655" ind1=" " ind2="7">
    <subfield code="a">Diagrams.</subfield>
    <subfield code="2">aat</subfield>
  </datafield>
  <datafield tag="655" ind1=" " ind2="7">
    <subfield code="a">Orthographic drawings.</subfield>
    <subfield code="2">aat</subfield>
  </datafield>
  <datafield tag="691" ind1=" " ind2="0">
    <subfield code="a">Altadena (Calif.)</subfield>
  </datafield>
  <datafield tag="697" ind1="2" ind2="4">
    <subfield code="a">Nathan H. Williams house (Altadena, Calif.)</subfield>
  </datafield>
  <datafield tag="650" ind1=" " ind2="0">
    <subfield code="a">Architecture</subfield>
    <subfield code="z">United States</subfield>
    <subfield code="v">Designs and plans.</subfield>
  </datafield>
  <datafield tag="700" ind1="1" ind2=" ">
    <subfield code="a">Greene, Charles Sumner,</subfield>
    <subfield code="d">1868-1957.</subfield>
  </datafield>
  <datafield tag="700" ind1="1" ind2=" ">
    <subfield code="a">Greene, Henry Mather,</subfield>
    <subfield code="d">1870-1954.</subfield>
  </datafield>
  <datafield tag="700" ind1="1" ind2=" ">
    <subfield code="a">Williams, Nathan H.</subfield>
  </datafield>
  <datafield tag="710" ind1="2" ind2=" ">
    <subfield code="a">Hadden Sprinkler Co.</subfield>
  </datafield>
  <datafield tag="710" ind1="2" ind2=" ">
    <subfield code="a">George E. Richardson Plumbing.</subfield>
  </datafield>
  <datafield tag="755" ind1=" " ind2=" ">
    <subfield code="a">Pencil drawings.</subfield>
    <subfield code="2">aat</subfield>
  </datafield>
  <datafield tag="755" ind1=" " ind2=" ">
    <subfield code="a">Blueprints.</subfield>
    <subfield code="2">aat</subfield>
  </datafield>
  <datafield tag="755" ind1=" " ind2=" ">
    <subfield code="a">Ink drawings.</subfield>
    <subfield code="2">aat</subfield>
  </datafield>
  <datafield tag="755" ind1=" " ind2=" ">
    <subfield code="a">Crayon drawings.</subfield>
    <subfield code="2">aat</subfield>
  </datafield>
  <datafield tag="755" ind1=" " ind2=" ">
    <subfield code="a">Charcoal drawings.</subfield>
    <subfield code="2">aat</subfield>
  </datafield>
  <datafield tag="755" ind1=" " ind2=" ">
    <subfield code="a">Chalk drawings.</subfield>
    <subfield code="2">aat</subfield>
  </datafield>
  <datafield tag="799" ind1="4" ind2="1">
    <subfield code="a">The Greene &amp; Greene collection of architectural drawings.</subfield>
  </datafield>
  <datafield tag="789" ind1="0" ind2=" ">
    <subfield code="1">[1]</subfield>
    <subfield code="i">NYDA.1960.001.04572.</subfield>
    <subfield code="v">[AVERYimage].</subfield>
    <subfield code="t">Foundation plan [with details in sections] :</subfield>
    <subfield code="n">Sheet no. 1.</subfield>
  </datafield>
  <datafield tag="789" ind1="0" ind2=" ">
    <subfield code="1">[2]</subfield>
    <subfield code="i">NYDA.1960.001.04573R.</subfield>
    <subfield code="v">[AVERYimage].</subfield>
    <subfield code="t">Foundation plan [with details in sections] :</subfield>
    <subfield code="n">Sheet no. 1.</subfield>
  </datafield>
  <datafield tag="789" ind1="0" ind2=" ">
    <subfield code="1">[3]</subfield>
    <subfield code="i">NYDA.1960.001.04573V.</subfield>
    <subfield code="v">[AVERYimage].</subfield>
    <subfield code="t">[Unidentified sketches]</subfield>
  </datafield>
  <datafield tag="789" ind1="0" ind2=" ">
    <subfield code="1">[4]</subfield>
    <subfield code="i">NYDA.1960.001.04574.</subfield>
    <subfield code="v">[AVERYimage].</subfield>
    <subfield code="t">Foundation plan [with details in sections] :</subfield>
    <subfield code="n">Sheet no. 1.</subfield>
  </datafield>
  <datafield tag="789" ind1="0" ind2=" ">
    <subfield code="1">[5]</subfield>
    <subfield code="i">NYDA.1960.001.04575.</subfield>
    <subfield code="v">[AVERYimage].</subfield>
    <subfield code="t">First floor plan :</subfield>
    <subfield code="n">Sheet no. 2.</subfield>
  </datafield>
  <datafield tag="789" ind1="0" ind2=" ">
    <subfield code="1">[6]</subfield>
    <subfield code="i">NYDA.1960.001.04576R.</subfield>
    <subfield code="v">[AVERYimage].</subfield>
    <subfield code="t">First floor plan :</subfield>
    <subfield code="n">Sheet no. 2.</subfield>
  </datafield>
  <datafield tag="789" ind1="0" ind2=" ">
    <subfield code="1">[7]</subfield>
    <subfield code="i">NYDA.1960.001.04576V.</subfield>
    <subfield code="v">[AVERYimage].</subfield>
    <subfield code="t">[Unidentified sketches]</subfield>
  </datafield>
  <datafield tag="789" ind1="0" ind2=" ">
    <subfield code="1">[8]</subfield>
    <subfield code="i">NYDA.1960.001.04577.</subfield>
    <subfield code="v">[AVERYimage].</subfield>
    <subfield code="t">Second floor plan :</subfield>
    <subfield code="n">Sheet no. 3.</subfield>
  </datafield>
  <datafield tag="789" ind1="0" ind2=" ">
    <subfield code="1">[9]</subfield>
    <subfield code="i">NYDA.1960.001.04578R.</subfield>
    <subfield code="v">[AVERYimage].</subfield>
    <subfield code="t">Second floor plan :</subfield>
    <subfield code="n">Sheet no. 3.</subfield>
  </datafield>
  <datafield tag="789" ind1="0" ind2=" ">
    <subfield code="1">[10]</subfield>
    <subfield code="i">NYDA.1960.001.04578V.</subfield>
    <subfield code="v">[AVERYimage].</subfield>
    <subfield code="t">[Unidentified sketch]</subfield>
  </datafield>
  <datafield tag="789" ind1="0" ind2=" ">
    <subfield code="1">[11]</subfield>
    <subfield code="i">NYDA.1960.001.04579.</subfield>
    <subfield code="v">[AVERYimage].</subfield>
    <subfield code="t">South elevation :</subfield>
    <subfield code="n">Sheet no. 4.</subfield>
  </datafield>
  <datafield tag="789" ind1="0" ind2=" ">
    <subfield code="1">[12]</subfield>
    <subfield code="i">NYDA.1960.001.04580.</subfield>
    <subfield code="v">[AVERYimage].</subfield>
    <subfield code="t">South elevation, [detail sketch] :</subfield>
    <subfield code="n">Sheet no. 4.</subfield>
  </datafield>
  <datafield tag="789" ind1="0" ind2=" ">
    <subfield code="1">[13]</subfield>
    <subfield code="i">NYDA.1960.001.04581.</subfield>
    <subfield code="v">[AVERYimage].</subfield>
    <subfield code="t">East elevation :</subfield>
    <subfield code="n">Sheet no. 5.</subfield>
  </datafield>
  <datafield tag="789" ind1="0" ind2=" ">
    <subfield code="1">[14]</subfield>
    <subfield code="i">NYDA.1960.001.04582R.</subfield>
    <subfield code="v">[AVERYimage].</subfield>
    <subfield code="t">East elevation [with detail sketch of plant stand] :</subfield>
    <subfield code="n">Sheet no. 5.</subfield>
  </datafield>
  <datafield tag="789" ind1="0" ind2=" ">
    <subfield code="1">[15]</subfield>
    <subfield code="i">NYDA.1960.001.04582V.</subfield>
    <subfield code="v">[AVERYimage].</subfield>
    <subfield code="t">[Unidentified sketch]</subfield>
  </datafield>
  <datafield tag="789" ind1="0" ind2=" ">
    <subfield code="1">[16]</subfield>
    <subfield code="i">NYDA.1960.001.04583.</subfield>
    <subfield code="v">[AVERYimage].</subfield>
    <subfield code="t">North elevation :</subfield>
    <subfield code="n">Sheet no. 6.</subfield>
  </datafield>
  <datafield tag="789" ind1="0" ind2=" ">
    <subfield code="1">[17]</subfield>
    <subfield code="i">NYDA.1960.001.04584R.</subfield>
    <subfield code="v">[AVERYimage].</subfield>
    <subfield code="t">North elevation :</subfield>
    <subfield code="n">Sheet no. 6.</subfield>
  </datafield>
  <datafield tag="789" ind1="0" ind2=" ">
    <subfield code="1">[18]</subfield>
    <subfield code="i">NYDA.1960.001.04584V.</subfield>
    <subfield code="v">[AVERYimage].</subfield>
    <subfield code="t">[Unidentified sketches]</subfield>
  </datafield>
  <datafield tag="789" ind1="0" ind2=" ">
    <subfield code="1">[19]</subfield>
    <subfield code="i">NYDA.1960.001.04585.</subfield>
    <subfield code="v">[AVERYimage].</subfield>
    <subfield code="t">West elevation :</subfield>
    <subfield code="n">Sheet no. 7.</subfield>
  </datafield>
  <datafield tag="789" ind1="0" ind2=" ">
    <subfield code="1">[20]</subfield>
    <subfield code="i">NYDA.1960.001.04586R.</subfield>
    <subfield code="v">[AVERYimage].</subfield>
    <subfield code="t">West elevation :</subfield>
    <subfield code="n">Sheet no. 7.</subfield>
  </datafield>
  <datafield tag="789" ind1="0" ind2=" ">
    <subfield code="1">[21]</subfield>
    <subfield code="i">NYDA.1960.001.04586V.</subfield>
    <subfield code="v">[AVERYimage].</subfield>
    <subfield code="t">[Construction detail of] skylight.</subfield>
  </datafield>
  <datafield tag="789" ind1="0" ind2=" ">
    <subfield code="1">[22]</subfield>
    <subfield code="i">NYDA.1960.001.04587.</subfield>
    <subfield code="v">[AVERYimage].</subfield>
    <subfield code="t">[Interior elevations] -- west side pantry, north side dining rm., north side living room, east side bath #1, west side living room ; [sections through hall and stairs] :</subfield>
    <subfield code="n">Sheet no. 8.</subfield>
  </datafield>
  <datafield tag="789" ind1="0" ind2=" ">
    <subfield code="1">[23]</subfield>
    <subfield code="i">NYDA.1960.001.04588.</subfield>
    <subfield code="v">[AVERYimage].</subfield>
    <subfield code="t">[Interior elevations] -- west side pantry, north side dining rm., north side living room, east side bath #1, west side living room ; [sections through hall and stairs] :</subfield>
    <subfield code="n">Sheet no. 8.</subfield>
  </datafield>
  <datafield tag="789" ind1="0" ind2=" ">
    <subfield code="1">[24]</subfield>
    <subfield code="i">NYDA.1960.001.04589.</subfield>
    <subfield code="v">[AVERYimage].</subfield>
    <subfield code="t">[Interior elevations] -- west side pantry, north side dining rm., north side living room, east side bath #1, west side living room ; [sections through hall and stairs] :</subfield>
    <subfield code="n">Sheet no. 8.</subfield>
  </datafield>
  <datafield tag="789" ind1="0" ind2=" ">
    <subfield code="1">[25]</subfield>
    <subfield code="i">NYDA.1960.001.04590.</subfield>
    <subfield code="v">[AVERYimage].</subfield>
    <subfield code="t">Construction details -- [section through exterior wall], elev. of foundation vent, part elev. of sash showing hood, part elev. [of sash] showing interior finish, [section through rafter with] front view of bracket (dashed lines show side view of brackets in gables), plan of bracket (looking up), roofs of all porches, detail of stairway :</subfield>
    <subfield code="n">Sheet no. 9.</subfield>
  </datafield>
  <datafield tag="789" ind1="0" ind2=" ">
    <subfield code="1">[26]</subfield>
    <subfield code="i">NYDA.1960.001.04591.</subfield>
    <subfield code="v">[AVERYimage].</subfield>
    <subfield code="t">Construction details -- [section through exterior wall], elev. of foundation vent, part elev. of sash showing hood, part elev. [of sash] showing interior finish, [section through rafter with] front view of bracket (dashed lines show side view of brackets in gables), plan of bracket (looking up), roofs of all porches, detail of stairway :nSheet no. 9.</subfield>
    <subfield code="o">"For set 3".</subfield>
  </datafield>
  <datafield tag="789" ind1="0" ind2=" ">
    <subfield code="1">[27]</subfield>
    <subfield code="i">NYDA.1960.001.04592.</subfield>
    <subfield code="v">[AVERYimage].</subfield>
    <subfield code="t">F[ull] s[ize] d[etails] of exterior doors and sash :</subfield>
    <subfield code="n">Sheet no. 10.</subfield>
  </datafield>
  <datafield tag="789" ind1="0" ind2=" ">
    <subfield code="1">[28]</subfield>
    <subfield code="i">NYDA.1960.001.04593.</subfield>
    <subfield code="v">[AVERYimage].</subfield>
    <subfield code="t">Porch details -- plan of covered terrace, detail of brackets in gable ends, plan of roof over covered terrace, side view [and] end view [of] screened porch steps, section on line A-A, part elevation [showing column], half sect'n on line B-B, plan of covered porch :</subfield>
    <subfield code="n">Sheet no. 11.</subfield>
  </datafield>
  <datafield tag="789" ind1="0" ind2=" ">
    <subfield code="1">[29]</subfield>
    <subfield code="i">NYDA.1960.001.04594.</subfield>
    <subfield code="v">[AVERYimage].</subfield>
    <subfield code="t">Porch construction details :</subfield>
    <subfield code="n">Revision of and supplement to Sheet no. 11.</subfield>
  </datafield>
  <datafield tag="789" ind1="0" ind2=" ">
    <subfield code="1">[30]</subfield>
    <subfield code="i">NYDA.1960.001.04595.</subfield>
    <subfield code="v">[AVERYimage].</subfield>
    <subfield code="t">F.S.D. of chimney tie rod :</subfield>
    <subfield code="n">Sheet no. 12.</subfield>
  </datafield>
  <datafield tag="789" ind1="0" ind2=" ">
    <subfield code="1">[31]</subfield>
    <subfield code="i">NYDA.1960.001.04596.</subfield>
    <subfield code="v">[AVERYimage].</subfield>
    <subfield code="t">Detail of chimney -- [elevation, section], plan on line D-D, plan above second floor, plan at first floor :</subfield>
    <subfield code="n">Sheet no. 13.</subfield>
  </datafield>
  <datafield tag="789" ind1="0" ind2=" ">
    <subfield code="1">[32]</subfield>
    <subfield code="i">NYDA.1960.001.04597.</subfield>
    <subfield code="v">[AVERYimage].</subfield>
    <subfield code="t">F.S.D. of gutter :</subfield>
    <subfield code="n">Sheet no. 14.</subfield>
  </datafield>
  <datafield tag="789" ind1="0" ind2=" ">
    <subfield code="1">[33]</subfield>
    <subfield code="i">NYDA.1960.001.04598.</subfield>
    <subfield code="v">[AVERYimage].</subfield>
    <subfield code="t">F.S.D. of leaders and heads -- elevation, plan :</subfield>
    <subfield code="n">Sheet no. 15.</subfield>
  </datafield>
  <datafield tag="789" ind1="0" ind2=" ">
    <subfield code="1">[34]</subfield>
    <subfield code="i">NYDA.1960.001.04599.</subfield>
    <subfield code="v">[AVERYimage].</subfield>
    <subfield code="t">F.S.D. of gable vents :</subfield>
    <subfield code="n">Sheet no. 16.</subfield>
  </datafield>
  <datafield tag="789" ind1="0" ind2=" ">
    <subfield code="1">[35]</subfield>
    <subfield code="i">NYDA.1960.001.04600.</subfield>
    <subfield code="v">[AVERYimage].</subfield>
    <subfield code="t">F.S.D. of brackets in gables (except 4 in N.W. gable, which are detailed on sheet no. 18) :</subfield>
    <subfield code="n">Sheet no. 17.</subfield>
  </datafield>
  <datafield tag="789" ind1="0" ind2=" ">
    <subfield code="1">[36]</subfield>
    <subfield code="i">NYDA.1960.001.04601.</subfield>
    <subfield code="v">[AVERYimage].</subfield>
    <subfield code="t">F.S.D. of brackets in N.W. gable (4 of these) :</subfield>
    <subfield code="n">Sheet no. 18.</subfield>
    <subfield code="o">"For F.S.D. of brackets for other gables see sheet no. 17".</subfield>
  </datafield>
  <datafield tag="789" ind1="0" ind2=" ">
    <subfield code="1">[37]</subfield>
    <subfield code="i">NYDA.1960.001.04602.</subfield>
    <subfield code="v">[AVERYimage].</subfield>
    <subfield code="t">F.S.D. of perforations on columns -- half elevation :</subfield>
    <subfield code="n">Sheet no. 19.</subfield>
    <subfield code="o">"Note -- architect will locate perforations on cols. at job".</subfield>
  </datafield>
  <datafield tag="789" ind1="0" ind2=" ">
    <subfield code="1">[38]</subfield>
    <subfield code="i">NYDA.1960.001.04603.</subfield>
    <subfield code="v">[AVERYimage].</subfield>
    <subfield code="t">[Partial] F.S.D. of perforations on colum[ns] -- half ele[vation] :</subfield>
    <subfield code="n">Sheet [no. 19].</subfield>
    <subfield code="o">One of the perforations was cut out, the other two have holes punched in their outlines but were not cut out.</subfield>
  </datafield>
  <datafield tag="789" ind1="0" ind2=" ">
    <subfield code="1">[39]</subfield>
    <subfield code="i">NYDA.1960.001.04604.</subfield>
    <subfield code="v">[AVERYimage].</subfield>
    <subfield code="t">[Unidentified full size detail: TEMP]</subfield>
  </datafield>
  <datafield tag="789" ind1="0" ind2=" ">
    <subfield code="1">[40]</subfield>
    <subfield code="i">NYDA.1960.001.04605.</subfield>
    <subfield code="v">[AVERYimage].</subfield>
    <subfield code="t">F.S.D. of perforations for porches -- perforation "A", dashed lines show perf. "C", half perforation "B" ; diagram[s] showing location of perforations -- south side [and] east (and west) [side of] front entrance, north side (south side same as this) [and] east side [of] north covered porch :</subfield>
    <subfield code="n">Sheet no. 20.</subfield>
  </datafield>
  <datafield tag="789" ind1="0" ind2=" ">
    <subfield code="1">[41]</subfield>
    <subfield code="i">NYDA.1960.001.04606.</subfield>
    <subfield code="v">[AVERYimage].</subfield>
    <subfield code="t">F.S.D.of perforations for porches -- perforation "A", dashed lines show perf. "C", half perforation "B" ; diagram[s] showing location of perforations -- south side [and] east (and west) [side of] front entrance, north side (south side same as this) [and] east side [of] north covered porch :</subfield>
    <subfield code="n">Sheet no. 20.</subfield>
    <subfield code="o">Most of the perforations on this print are cut out.</subfield>
  </datafield>
  <datafield tag="789" ind1="0" ind2=" ">
    <subfield code="1">[42]</subfield>
    <subfield code="i">NYDA.1960.001.04607.</subfield>
    <subfield code="v">[AVERYimage].</subfield>
    <subfield code="t">Door schedule [with full size details] :</subfield>
    <subfield code="n">Sheet no. 21.</subfield>
  </datafield>
  <datafield tag="789" ind1="0" ind2=" ">
    <subfield code="1">[43]</subfield>
    <subfield code="i">NYDA.1960.001.04608.</subfield>
    <subfield code="v">[AVERYimage].</subfield>
    <subfield code="t">F.S.D. of tile plinths, etc. for bathrooms -- plan of casing and plinth, elevation :</subfield>
    <subfield code="n">Sheet no. 22.</subfield>
  </datafield>
  <datafield tag="789" ind1="0" ind2=" ">
    <subfield code="1">[44]</subfield>
    <subfield code="i">NYDA.1960.001.04609.</subfield>
    <subfield code="v">[AVERYimage].</subfield>
    <subfield code="t">F.S.D. of interior finish -- [elevation, sections] :</subfield>
    <subfield code="n">Sheet no. 23.</subfield>
  </datafield>
  <datafield tag="789" ind1="0" ind2=" ">
    <subfield code="1">[45]</subfield>
    <subfield code="i">NYDA.1960.001.04610.</subfield>
    <subfield code="v">[AVERYimage].</subfield>
    <subfield code="t">Detail of stairs :</subfield>
    <subfield code="n">Sheet no. 24,</subfield>
    <subfield code="d">Approved by Mr. C.S. Greene Sept. 14.</subfield>
  </datafield>
  <datafield tag="789" ind1="0" ind2=" ">
    <subfield code="1">[46]</subfield>
    <subfield code="i">NYDA.1960.001.04611.</subfield>
    <subfield code="v">[AVERYimage].</subfield>
    <subfield code="t">Details of skylight -- section (looking west), plan (looking up), [full size detail] :</subfield>
    <subfield code="n">Sheet no. 25.</subfield>
  </datafield>
  <datafield tag="789" ind1="0" ind2=" ">
    <subfield code="1">[47]</subfield>
    <subfield code="i">NYDA.1960.001.04612.</subfield>
    <subfield code="v">[AVERYimage].</subfield>
    <subfield code="t">Details of sideboard in dining rm. -- side elevation, half front elevation, section, half plan, plan of drwr "A", full size details :</subfield>
    <subfield code="n">Sheet no. 26.</subfield>
  </datafield>
  <datafield tag="789" ind1="0" ind2=" ">
    <subfield code="1">[48]</subfield>
    <subfield code="i">NYDA.1960.001.04613.</subfield>
    <subfield code="v">[AVERYimage].</subfield>
    <subfield code="t">Full size details [of sideboard in dining room]</subfield>
  </datafield>
  <datafield tag="789" ind1="0" ind2=" ">
    <subfield code="1">[49]</subfield>
    <subfield code="i">NYDA.1960.001.04614.</subfield>
    <subfield code="v">[AVERYimage].</subfield>
    <subfield code="t">[Details of sideboard in dining room -- side elevation, half front elevation, section, half plan, full size details].</subfield>
    <subfield code="o">"Traced".</subfield>
  </datafield>
  <datafield tag="789" ind1="0" ind2=" ">
    <subfield code="1">[50]</subfield>
    <subfield code="i">NYDA.1960.001.04615.</subfield>
    <subfield code="v">[AVERYimage].</subfield>
    <subfield code="t">Stair details -- view looking north [with] F.S.D., [view] looking south ; F.S.D. of handrail and brkts., sect'n thru handrail, sect'n thru bottom of panel and finish wall string ; plan of corner, sect'n thru top of panel, part elev. of bottom of panel, F.S.D. of perforations, F.S.D. of stair nosing and mould :</subfield>
    <subfield code="n">Sheet no. 27.</subfield>
  </datafield>
  <datafield tag="789" ind1="0" ind2=" ">
    <subfield code="1">[51]</subfield>
    <subfield code="i">NYDA.1960.001.04616.</subfield>
    <subfield code="v">[AVERYimage].</subfield>
    <subfield code="t">[Stair details -- plan and section of handrail, section through bottom of panel and finish wall string, section through top of panel, part elevation of bottom of panel, full size detail of perforations, F.S.D. of stair nosing and mould]</subfield>
  </datafield>
  <datafield tag="789" ind1="0" ind2=" ">
    <subfield code="1">[52]</subfield>
    <subfield code="i">NYDA.1960.001.04617.</subfield>
    <subfield code="v">[AVERYimage].</subfield>
    <subfield code="t">Detail[s] of bookcases in living room :</subfield>
    <subfield code="n">Sheet no. 28.</subfield>
  </datafield>
  <datafield tag="789" ind1="0" ind2=" ">
    <subfield code="1">[53]</subfield>
    <subfield code="i">NYDA.1960.001.04618.</subfield>
    <subfield code="v">[AVERYimage].</subfield>
    <subfield code="t">[Perspective sketch of bookcase corner?]</subfield>
  </datafield>
  <datafield tag="789" ind1="0" ind2=" ">
    <subfield code="1">[54]</subfield>
    <subfield code="i">NYDA.1960.001.04619.</subfield>
    <subfield code="v">[AVERYimage].</subfield>
    <subfield code="t">Kitchen and pantry details -- north side of pantry, west side of pantry, south side of pantry ; detail[s] of cases above counter shelf -- swinging doors, sliding doors ; sect'n thru cupb'ds below counter shelf, sect'n thru dr'w'rs, plan of corner ; west side of kitchen, south side of kitchen ; north side bathrm. #2, west side bathrm #2 ; [details of dressers] in clos[et] off bath #2 [and in] bed[room] #1 closet ; sect'n thru bin, plan, F.S.D. [of] hook and eye ; medicine case details :</subfield>
    <subfield code="n">Sheet no. 29.</subfield>
    <subfield code="o">Images of north and west sides of bathroom #2 are crossed out with notation -- "See later detail".</subfield>
  </datafield>
  <datafield tag="789" ind1="0" ind2=" ">
    <subfield code="1">[55]</subfield>
    <subfield code="i">NYDA.1960.001.04620.</subfield>
    <subfield code="v">[AVERYimage].</subfield>
    <subfield code="t">[Rough sketches of] bathrm. #2, west side.</subfield>
  </datafield>
  <datafield tag="789" ind1="0" ind2=" ">
    <subfield code="1">[56]</subfield>
    <subfield code="i">NYDA.1960.001.04621.</subfield>
    <subfield code="v">[AVERYimage].</subfield>
    <subfield code="t">Details of case in bath #2 -- north side of room, section [through case], section A-A, F.S.D. of center guides, plan [and] elevation [of mirror?], F.S. section [and] plan of corner [of case] :</subfield>
    <subfield code="n">Sheet no. 30.</subfield>
  </datafield>
  <datafield tag="789" ind1="0" ind2=" ">
    <subfield code="1">[57]</subfield>
    <subfield code="i">NYDA.1960.001.04622.</subfield>
    <subfield code="v">[AVERYimage].</subfield>
    <subfield code="t">[Sketches of] case for bath 2 -- looking northm [looking west]</subfield>
  </datafield>
  <datafield tag="789" ind1="0" ind2=" ">
    <subfield code="1">[58]</subfield>
    <subfield code="i">NYDA.1960.001.04623.</subfield>
    <subfield code="v">[AVERYimage].</subfield>
    <subfield code="t">[Sketches of case for] bath #2 -- north, west ; [sketch of full size section of tile base]</subfield>
  </datafield>
  <datafield tag="789" ind1="0" ind2=" ">
    <subfield code="1">[59]</subfield>
    <subfield code="i">NYDA.1960.001.04624.</subfield>
    <subfield code="v">[AVERYimage].</subfield>
    <subfield code="t">Details of living rm. mantel :</subfield>
    <subfield code="n">Sheet no. 31.</subfield>
  </datafield>
  <datafield tag="789" ind1="0" ind2=" ">
    <subfield code="1">[60]</subfield>
    <subfield code="i">NYDA.1960.001.04625.</subfield>
    <subfield code="v">[AVERYimage].</subfield>
    <subfield code="t">[Elevation of living room mantel]</subfield>
  </datafield>
  <datafield tag="789" ind1="0" ind2=" ">
    <subfield code="1">[61]</subfield>
    <subfield code="i">NYDA.1960.001.04626.</subfield>
    <subfield code="v">[AVERYimage].</subfield>
    <subfield code="t">[Site] plan of grounds ; [elevations of fences on east and north property lines] :</subfield>
    <subfield code="n">Sheet no. 32.</subfield>
  </datafield>
  <datafield tag="789" ind1="0" ind2=" ">
    <subfield code="1">[62]</subfield>
    <subfield code="i">NYDA.1960.001.04627.</subfield>
    <subfield code="v">[AVERYimage].</subfield>
    <subfield code="t">[Site] plan of grounds.</subfield>
  </datafield>
  <datafield tag="789" ind1="0" ind2=" ">
    <subfield code="1">[63]</subfield>
    <subfield code="i">NYDA.1960.001.04628.</subfield>
    <subfield code="v">[AVERYimage].</subfield>
    <subfield code="t">Plan [of grounds] showing area to be sprinkled /</subfield>
    <subfield code="c">The Hadded Sprinkler Co. of Pasadena,</subfield>
    <subfield code="d">28/16 [sic]</subfield>
  </datafield>
  <datafield tag="789" ind1="0" ind2=" ">
    <subfield code="1">[64]</subfield>
    <subfield code="i">NYDA.1960.001.04629.</subfield>
    <subfield code="v">[AVERYimage].</subfield>
    <subfield code="t">[Plan of grounds showing] sprinkler system /</subfield>
    <subfield code="c">George E. Richardson Plumbing.</subfield>
  </datafield>
  <datafield tag="789" ind1="0" ind2=" ">
    <subfield code="1">[65]</subfield>
    <subfield code="i">NYDA.1960.001.04630.</subfield>
    <subfield code="v">[AVERYimage].</subfield>
    <subfield code="t">Details of pool, steps, and walls -- front view, half plan, sect'n [and] side view of front steps ; plan of pool and retaining wall ; elevation of wall, etc. [with] sect'n thru steps [and] section thru pool ; detail of wall on north prop[erty] line [with] typical section ; details of incinerator :</subfield>
    <subfield code="n">Sheet no. 33.</subfield>
  </datafield>
  <datafield tag="789" ind1="0" ind2=" ">
    <subfield code="1">[66]</subfield>
    <subfield code="i">NYDA.1960.001.04631.</subfield>
    <subfield code="v">[AVERYimage].</subfield>
    <subfield code="t">Details of pool, steps, and walls -- front view, half plan, sect'n [and] side view of front steps ; plan of pool and retaining wall ; elevation of wall, etc. [with] sect'n thru steps [and] section thru pool ; detail of wall on north prop[erty] line [with] typical section ; details of incinerator :</subfield>
    <subfield code="n">Sheet no. 33.</subfield>
  </datafield>
  <datafield tag="789" ind1="0" ind2=" ">
    <subfield code="1">[67]</subfield>
    <subfield code="i">NYDA.1960.001.04632.</subfield>
    <subfield code="v">[AVERYimage].</subfield>
    <subfield code="t">Details of pool, steps, and walls -- front view, half plan, sect'n [and] side view of front steps ; plan of pool and retaining wall ; elevation of wall, etc. [with] sect'n thru steps [and] section thru pool ; detail of wall on north prop[erty] line [with] typical section ; details of incinerator :</subfield>
    <subfield code="n">Sheet no. 33.</subfield>
  </datafield>
  <datafield tag="789" ind1="0" ind2=" ">
    <subfield code="1">[68]</subfield>
    <subfield code="i">NYDA.1960.001.04633.</subfield>
    <subfield code="v">[AVERYimage].</subfield>
    <subfield code="t">Med[icine] case in bath #1 -- [elevation], plan of jamb.</subfield>
    <subfield code="o">"Height changed at job by H.M.G.".</subfield>
  </datafield>
  <datafield tag="789" ind1="0" ind2=" ">
    <subfield code="1">[69]</subfield>
    <subfield code="i">NYDA.1960.001.04634.</subfield>
    <subfield code="v">[AVERYimage].</subfield>
    <subfield code="t">[Perspective sketch of house]</subfield>
  </datafield>
  <datafield tag="789" ind1="0" ind2=" ">
    <subfield code="1">[70]</subfield>
    <subfield code="i">NYDA.1960.001.04635.</subfield>
    <subfield code="v">[AVERYimage].</subfield>
    <subfield code="t">F.S.D. [of] cut on verge boards.</subfield>
  </datafield>
  <datafield tag="789" ind1="0" ind2=" ">
    <subfield code="1">[71]</subfield>
    <subfield code="i">NYDA.1960.001.04636.</subfield>
    <subfield code="v">[AVERYimage].</subfield>
    <subfield code="t">[Unidentified section]</subfield>
  </datafield>
  <datafield tag="789" ind1="0" ind2=" ">
    <subfield code="1">[72]</subfield>
    <subfield code="i">NYDA.1960.001.04637.</subfield>
    <subfield code="v">[AVERYimage].</subfield>
    <subfield code="t">[Full size detail of gutter]</subfield>
  </datafield>
  <datafield tag="789" ind1="0" ind2=" ">
    <subfield code="1">[73]</subfield>
    <subfield code="i">NYDA.1960.001.04638.</subfield>
    <subfield code="v">[AVERYimage].</subfield>
    <subfield code="t">Section [of grounds] taken just east of front ent[rance] p[or]ch (looking west)</subfield>
  </datafield>
  <datafield tag="789" ind1="0" ind2=" ">
    <subfield code="1">[74]</subfield>
    <subfield code="i">NYDA.1960.001.04639.</subfield>
    <subfield code="v">[AVERYimage].</subfield>
    <subfield code="t">[Sketch of unidentified section through grounds]</subfield>
  </datafield>
  <datafield tag="789" ind1="0" ind2=" ">
    <subfield code="1">[75]</subfield>
    <subfield code="i">NYDA.1960.001.04640.</subfield>
    <subfield code="v">[AVERYimage].</subfield>
    <subfield code="t">[Elevation of hookcase?]</subfield>
  </datafield>
  <datafield tag="789" ind1="0" ind2=" ">
    <subfield code="1">[76]</subfield>
    <subfield code="i">NYDA.1960.001.04641.</subfield>
    <subfield code="v">[AVERYimage].</subfield>
    <subfield code="t">[Unidentified detail sketches]</subfield>
  </datafield>
  <datafield tag="900" ind1=" " ind2=" ">
    <subfield code="a">AUTH</subfield>
  </datafield>
</record>

</collection>